@book{angel:icg,
  author = {Edward Angel},
	institution = {University of New Mexico},
	title = {Interactive Computer Graphics. A Top-Down Approach Using OpenGL},
	edition = {4.},
	publisher = {Addison Wesley},
	year = {2005}
}

@misc{opengl:main,
	title = {OpenGL - The Industry Standard for High Performance Graphics},
	publisher = {Web Site},
	url = {http://www.opengl.org/},
	note = {\url{http://www.opengl.org/} 
	       (letzter Abruf im September 2007)},
	key = {opengl:00}
}

@misc{opengl:glsl,
	title = {OpenGL Shading Language},
	publisher = {Web Site},
	url = {http://www.opengl.org/documentation/glsl/},
	note = {\url{http://www.opengl.org/documentation/glsl/} 
	       (letzter Abruf im September 2007)},
	key = {opengl:01}
}

@misc{equalizer:main,
	title = {Equalizer - Parallel Rendering},
	publisher = {Web Site},
	url = {http://www.equalizergraphics.com/},
	note = {\url{http://www.equalizergraphics.com/} 
	       (letzter Abruf im September 2007)},
	key = {equalizer:00}
}

@misc{equalizer:tasks,
	title = {Equalizer - Task Methods},
	publisher = {Web Site},
	url = {http://www.equalizergraphics.com/documents/design/taskMethods.html},
	note = {\url{http://www.equalizergraphics.com/documents/design/taskMethods.html} 
	       (letzter Abruf im September 2007)},
	key = {equalizer:01}
}

@misc{equalizer:downloads,
	title = {Equalizer - Downloads},
	publisher = {Web Site},
	url = {http://www.equalizergraphics.com/downloads.html},
	note = {\url{http://www.equalizergraphics.com/downloads.html} 
	       (letzter Abruf im September 2007)},
	key = {equalizer:02}
}

@misc{equalizer:guide,
	author = {Stefan Eilemann},
	title = {Equalizer Programming Guide},
	institution = {Eyescale Software Sàrl},
	publisher = {Web Document},
	url = {http://www.equalizergraphics.com/documents/Developer/ProgrammingGuide.pdf},
	note = {\url{http://www.equalizergraphics.com/documents/Developer/ProgrammingGuide.pdf} 
	       (letzter Abruf im September 2007)}
}

@techreport{equalizer:tr,
	author = {Stefan Eilemann and Renato Pajarola},
	title = {The Equalizer Parallel Rendering Framework},
	institution = {Department of Informatics, University of Zurich},
	address = {Switzerland},
	number = {IFI-2007.06},
	year = {2007},
	month = {Juni},
	url = {http://www.equalizergraphics.com/documents/EqualizerTR.pdf}
}

@misc{vbo:whitepaper,
	title = {Vertex Buffer Objects - Whitepaper},
	publisher = {Web Site},
	url = {http://www.spec.org/gwpg/gpc.static/vbo_whitepaper.html},
	note = {\url{http://www.spec.org/gwpg/gpc.static/vbo_whitepaper.html} 
	       (letzter Abruf im September 2007)},
	key = {vbo:00}
}

@misc{vbo:benchmarks,
	author = {Louis Bavoil},
	title = {OpenGL VBO Benchmarks},
	institution = {Scientific Computing and Imaging Institute, University of Utah},
	publisher = {Web Document},
	url = {http://www.sci.utah.edu/~bavoil/opengl/},
	note = {\url{http://www.sci.utah.edu/~bavoil/opengl/} 
	       (letzter Abruf im September 2007)}
}

@misc{vbo:tutorial,
	title = {oZone3D.Net Tutorials - Vertex Buffer Objects},
	publisher = {Web Document},
	url = {http://www.ozone3d.net/tutorials/opengl_vbo.php},
	note = {\url{http://www.ozone3d.net/tutorials/opengl_vbo.php} 
	       (letzter Abruf im September 2007)},
	key = {vbo:02}
}

@misc{ply:desc,
	title = {PLY - Polygon File Format},
	publisher = {Web Site},
	url = {http://local.wasp.uwa.edu.au/~pbourke/dataformats/ply/},
	note = {\url{http://local.wasp.uwa.edu.au/~pbourke/dataformats/ply/} 
	       (letzter Abruf im September 2007)},
	key = {ply:00}
}

@misc{stanford:repository,
	title = {The Stanford 3D Scanning Repository},
	publisher = {Web Site},
	url = {http://graphics.stanford.edu/data/3Dscanrep/},
	note = {\url{http://graphics.stanford.edu/data/3Dscanrep/} 
	       (letzter Abruf im September 2007)},
	key = {ply:01}
}

@misc{cyberware,
	title = {Cyberware Rapid 3D Scanners},
	publisher = {Web Site},
	url = {http://www.cyberware.com/},
	note = {\url{http://www.cyberware.com/} 
	       (letzter Abruf im September 2007)},
	key = {ply:02}
}

@misc{kd-tree:desc,
	title = {Wikipedia - kd-Tree},
	publisher = {Web Site},
	url = {http://en.wikipedia.org/wiki/Kd-tree},
	note = {\url{http://en.wikipedia.org/wiki/Kd-tree} 
	       (letzter Abruf im September 2007)},
	key = {wikipedia:00}
}

@misc{octree:desc,
	title = {Wikipedia - Octree},
	publisher = {Web Site},
	url = {http://en.wikipedia.org/wiki/Octree},
	note = {\url{http://en.wikipedia.org/wiki/Octree} 
	       (letzter Abruf im September 2007)},
	key = {wikipedia:00}
}

@misc{spatialdemos,
	title = {Spatial Index Demos},
	publisher = {Web Site},
	url = {http://donar.umiacs.umd.edu/quadtree/index.html},
	note = {\url{http://donar.umiacs.umd.edu/quadtree/index.html} 
	       (letzter Abruf im September 2007)},
	key = {vbo:00}
}

@misc{pajarola:datasize,
	author = {Renato Pajarola},
	title = {Why large-data visualization is not solved},
	publisher = {Unpublished},
	institution = {Department of Informatics, University of Zurich},
	address = {Switzerland},
	note = {Unpubliziert}
}
