
@misc{Analysis,
	Author = {Stefan Eilemann},
	Title = {{An Analysis of Parallel Rendering Systems}},
	Url = {http://www.equalizergraphics.com/documents/ParallelRenderingSystems.pdf},
        Year = {2006}}

@article{Humphreys02,
	Author = {Greg Humphreys and Mike Houston and Ren Ng and Randall Frank and Sean Ahern and Peter D. Kirchner},
	Date-Added = {2005-03-15 10:51:44 +0100},
	Date-Modified = {2005-03-24 14:46:37 +0100},
	Journal = {ACM Transactions on Graphics},
	Number = {3},
	Pages = {693-702},
	Title = {Chromium: A Stream-Processing Framework for Interactive Rendering on Clusters},
	Volume = {21},
	Year = {2002}}

